@article{id01,
  title={Small object detection in remote sensing images based on attention mechanism and multi-scale feature fusion},
  author={Zhang, Li-guo and Wang, Lei and Jin, Mei and Geng, Xing-shuo and Shen, Qian},
  journal={International Journal of Remote Sensing},
  volume={43},
  number={9},
  pages={3280--3297},
  year={2022},
  publisher={Taylor \& Francis}
}

@inproceedings{id02,
  title={Coordinate attention for efficient mobile network design},
  author={Hou, Qibin and Zhou, Daquan and Feng, Jiashi},
  booktitle={Proceedings of the IEEE/CVF conference on computer vision and pattern recognition},
  pages={13713--13722},
  year={2021}
}

@inproceedings{id03,
  title={Scale-aware trident networks for object detection},
  author={Li, Yanghao and Chen, Yuntao and Wang, Naiyan and Zhang, Zhaoxiang},
  booktitle={Proceedings of the IEEE/CVF international conference on computer vision},
  pages={6054--6063},
  year={2019}
}


@article{id04,
  title={Pruning and quantization for deep neural network acceleration: A survey},
  author={Liang, Tailin and Glossner, John and Wang, Lei and Shi, Shaobo and Zhang, Xiaotong},
  journal={Neurocomputing},
  volume={461},
  pages={370--403},
  year={2021},
  publisher={Elsevier}
}


@article{id05,
  title={Knowledge distillation: A survey},
  author={Gou, Jianping and Yu, Baosheng and Maybank, Stephen J and Tao, Dacheng},
  journal={International Journal of Computer Vision},
  volume={129},
  number={6},
  pages={1789--1819},
  year={2021},
  publisher={Springer}
}
